Automatically generated by Mendeley 1.8
Any changes to this file will be lost if it is regenerated by Mendeley.

@techreport{upwind2011,
annote = {Diger dokumanlara bak polinder'in guzel degerlendirmeleri var

        
Problems of very large turbines

        

        
ana dokuman icin notlar marina klasorunde},
file = {:home/okeysan/Documents/Mendeley Desktop/2011/UpWind- Design Limits and Solutions for Very Large Wind Turbines - EU 6th Frame Project\_Unknown\_2011.pdf:pdf;:home/okeysan/Documents/Mendeley Desktop/2011/UpWind- Design Limits and Solutions for Very Large Wind Turbines - EU 6th Frame Project\_Unknown\_2011(2).pdf:pdf;:home/okeysan/Documents/Mendeley Desktop/2011/UpWind- Design Limits and Solutions for Very Large Wind Turbines - EU 6th Frame Project\_Unknown\_2011(3).pdf:pdf;:home/okeysan/Documents/Mendeley Desktop/2011/UpWind- Design Limits and Solutions for Very Large Wind Turbines - EU 6th Frame Project\_Unknown\_2011(4).pdf:pdf;:home/okeysan/Documents/Mendeley Desktop/2011/UpWind- Design Limits and Solutions for Very Large Wind Turbines - EU 6th Frame Project\_Unknown\_2011(5).pdf:pdf;:home/okeysan/Documents/Mendeley Desktop/2011/UpWind- Design Limits and Solutions for Very Large Wind Turbines - EU 6th Frame Project\_Unknown\_2011(6).pdf:pdf;:home/okeysan/Documents/Mendeley Desktop/2011/UpWind- Design Limits and Solutions for Very Large Wind Turbines - EU 6th Frame Project\_Unknown\_2011(7).pdf:pdf;:home/okeysan/Documents/Mendeley Desktop/2011/UpWind- Design Limits and Solutions for Very Large Wind Turbines - EU 6th Frame Project\_Unknown\_2011(8).pdf:pdf},
keywords = {TFPM,direct-drive,wind generator,wind turbine},
mendeley-tags = {direct-drive,TFPM,wind generator,wind turbine},
title = {{UpWind- Design Limits and Solutions for Very Large Wind Turbines - EU 6th Frame Project}},
url = {www.upwind.eu},
year = {2011}
}
@inproceedings{Matveev2011,
author = {Matveev, Alexey and Ovrebo, Sigurd and Nilssen, Robert and Nysveen, Arne},
booktitle = {2011 IEEE International Electric Machines - Drives Conference (IEMDC)},
doi = {10.1109/IEMDC.2011.5994760},
file = {:home/okeysan/Documents/Mendeley Desktop/2011/State of the art in generator technology for offshore wind energy conversion systems\_Matveev et al.\_2011.pdf:pdf},
isbn = {978-1-4577-0060-6},
keywords = {- wind energy,generator,hydraulic,key performance,offshore},
mendeley-tags = {hydraulic},
month = may,
pages = {1131--1136},
publisher = {IEEE},
title = {{State of the art in generator technology for offshore wind energy conversion systems}},
url = {http://ieeexplore.ieee.org/lpdocs/epic03/wrapper.htm?arnumber=5994760},
year = {2011}
}
@article{Sethuraman2013,
author = {Sethuraman, Latha and Venugopal, Vengatesan},
doi = {10.1016/j.renene.2012.09.063},
file = {:home/okeysan/Documents/Mendeley Desktop/2013/Hydrodynamic response of a stepped-spar floating wind turbine Numerical modelling and tank testing\_Sethuraman, Venugopal\_2013.pdf:pdf},
issn = {09601481},
journal = {Renewable Energy},
keywords = {floating wind turbine},
month = apr,
pages = {160--174},
publisher = {Elsevier Ltd},
title = {{Hydrodynamic response of a stepped-spar floating wind turbine: Numerical modelling and tank testing}},
url = {http://linkinghub.elsevier.com/retrieve/pii/S0960148112006635},
volume = {52},
year = {2013}
}
@inproceedings{Christiansen2011,
author = {Christiansen, S. and Knudsen, T. and Bak, T.},
booktitle = {2011 IEEE International Symposium on Computer-Aided Control System Design (CACSD)},
doi = {10.1109/CACSD.2011.6044574},
file = {:home/okeysan/Documents/Mendeley Desktop/2011/Optimal control of a ballast-stabilized floating wind turbine\_Christiansen, Knudsen, Bak\_2011.pdf:pdf},
isbn = {978-1-4577-1066-7},
month = sep,
pages = {1214--1219},
publisher = {IEEE},
title = {{Optimal control of a ballast-stabilized floating wind turbine}},
url = {http://ieeexplore.ieee.org/lpdocs/epic03/wrapper.htm?arnumber=6044574},
year = {2011}
}
@misc{bosch,
file = {:home/okeysan/Documents/Mendeley Desktop/Unknown/Bosch Rexroth - Main Gearboxes for Wind Turbines\_Unknown\_Unknown.html:html},
title = {{Bosch Rexroth - Main Gearboxes for Wind Turbines}},
url = {http://www.boschrexroth.com/mobile-hydraulics-catalog/Vornavigation/Vornavi.cfm?Language=EN\&VHist=g61480\&PageID=m3844},
urldate = {05/04/13}
}
@misc{winergy,
title = {{Winergy: Gearbox Brochure}},
url = {http://www.winergy-group.com/cms/website.php?id=/en/downloads.htm}
}
@misc{ABB2012,
author = {ABB},
file = {:home/okeysan/Documents/Mendeley Desktop/2012/ABB-Technical Note, Wind Power Generators\_ABB\_2012.pdf:pdf},
pages = {2},
title = {{ABB-Technical Note, Wind Power Generators}},
url = {http://www05.abb.com/global/scot/scot234.nsf/veritydisplay/9ea1742a317b2389c125784f0038036b/\$file/Technical Note One platforms LR.pdf},
urldate = {August 2012},
year = {2012}
}
@misc{Moventas,
file = {:home/okeysan/Documents/Mendeley Desktop/Unknown/FusionDrive-Wind Gears\_Unknown\_Unknown.html:html},
title = {{FusionDrive-Wind Gears}},
url = {http://www.moventas.com/what-we-do/wind-gears/products/fusiondrive-r},
urldate = {05/04/13}
}
@misc{eickhoff,
file = {:home/okeysan/Documents/Mendeley Desktop/Unknown/Eickhoff Wind Turbine Gearboxes\_Unknown\_Unknown.html:html},
title = {{Eickhoff Wind Turbine Gearboxes}},
url = {http://www.eickhoff-bochum.de/en/download/index.php},
urldate = {05/04/13}
}
@misc{Siemens,
author = {Siemens},
file = {:home/okeysan/Documents/Mendeley Desktop/2012/Siemens Catalogue - Three Phase Induction Motors\_Siemens\_2012(2).pdf:pdf},
title = {{Siemens Catalogue - Three Phase Induction Motors}},
url = {http://www.swe.siemens.com/spain/web/es/industry/drive\_tech/Documents/Catalogo de motores H Compact-HCompact Plus.pdf},
urldate = {August 2012},
year = {2012}
}
@inproceedings{Cotrell2002,
annote = {comparison of multiple gnerator connected gearboxes.

        
the limit for a single stage gearbox is 15:1

        
multiple generator gearboxes may be more reliable

      },
author = {Cotrell, J},
booktitle = {American Society of Mechanical Engineers (ASME) Wind Energy Symposium},
file = {:home/okeysan/Documents/Mendeley Desktop/2002/A Preliminary Evaluation of a Multiple-Generator Drivetrain Configuration for Wind Turbines Preprint\_Cotrell\_2002.pdf:pdf},
keywords = {drivetrain,gearbox,multiple-generator drivetrain configuration,wind energy,wind turbine},
mendeley-tags = {gearbox,wind turbine},
number = {January},
title = {{A Preliminary Evaluation of a Multiple-Generator Drivetrain Configuration for Wind Turbines Preprint}},
year = {2002}
}
@techreport{Fingersh2006,
annote = {gearbox scaling model},
author = {Fingersh, L and Hand, M and Laxson, A},
booktitle = {Contract},
file = {:home/okeysan/Documents/Mendeley Desktop/2006/Wind Turbine Design Cost and Scaling Model Wind Turbine Design Cost and Scaling Model\_Fingersh, Hand, Laxson\_2006.pdf:pdf},
keywords = {cost of energy,gearbox,wind development,wind energy,wind generated electricity,wind turbine},
mendeley-tags = {gearbox,wind turbine},
number = {December},
pages = {43},
title = {{Wind Turbine Design Cost and Scaling Model Wind Turbine Design Cost and Scaling Model}},
url = {http://www.mendeley.com/research/wind-turbine-design-cost-and-scaling-model/},
year = {2006}
}
@misc{GE,
title = {{GE Drivetrain Technologies Gearbox Systems}},
url = {http://gedrivetrain.com/gearboxSystems.cfm}
}

